<?xml version="1.0" encoding="UTF-8"?><collection xmlns="http://www.loc.gov/MARC21/slim"><record><leader>00514nam--2200157-i-4500</leader><controlfield tag="001">000011183</controlfield><controlfield tag="002">20161230</controlfield><controlfield tag="005">20170208155437</controlfield><controlfield tag="008">060222s1000------------r-----000-0-eng-d</controlfield><datafield ind1=" " ind2=" " tag="245"><subfield code="a">Crystallization from solution: nucleation phenomena in growing crystal systems</subfield></datafield><datafield ind1=" " ind2=" " tag="260"><subfield code="a">New York</subfield><subfield code="b">American Institute Of Chemical Engineers</subfield><subfield code="c">1972</subfield></datafield><datafield ind1=" " ind2=" " tag="300"><subfield code="a">87 p</subfield></datafield><datafield ind1=" " ind2=" " tag="490"><subfield code="a">American Insstitute Of Chemical Engineers, Symposium Series</subfield></datafield><datafield ind1=" " ind2=" " tag="700"><subfield code="a">Estrin, Joseph</subfield></datafield><datafield ind1=" " ind2=" " tag="852"><subfield code="a">548.5:66.065.5</subfield></datafield><datafield ind1=" " ind2=" " tag="CAT"><subfield code="a">SYS</subfield><subfield code="c">20170208</subfield><subfield code="h">155437</subfield></datafield></record></collection>